<record><leader>00000cas a22000007a 4500</leader><controlfield tag="001">6962078</controlfield><controlfield tag="008">801120d18291830mauwr ne      0   a0eng d</controlfield><datafield ind1=" " ind2=" " tag="010"><subfield code="a">sn 91069141 </subfield></datafield><datafield ind1=" " ind2=" " tag="040"><subfield code="a">BTI</subfield><subfield code="b">eng</subfield><subfield code="c">BTI</subfield><subfield code="d">ONP</subfield><subfield code="d">RHN</subfield><subfield code="d">OCL</subfield><subfield code="d">OCLCF</subfield><subfield code="d">OCLCO</subfield></datafield><datafield ind1=" " ind2=" " tag="042"><subfield code="a">msc</subfield></datafield><datafield ind1=" " ind2=" " tag="090"><subfield code="a">HV5285</subfield></datafield><datafield ind1="0" ind2="0" tag="245"><subfield code="a">National philanthropist and investigator and genius of temperance.</subfield></datafield><datafield ind1=" " ind2=" " tag="260"><subfield code="a">Boston [Mass.] :</subfield><subfield code="b">Wm. Goodell &amp; P. Crandall,</subfield></datafield><datafield ind1=" " ind2=" " tag="300"><subfield code="a">v.</subfield></datafield><datafield ind1=" " ind2=" " tag="310"><subfield code="a">Weekly</subfield></datafield><datafield ind1="0" ind2=" " tag="362"><subfield code="a">Vol. 4, no. 17 (Oct. 28, 1829)-v. 5, no. 1 (July 8, 1830) = new ser., v. 1, no. 34-new ser., v. 2, no. 18.</subfield></datafield><datafield ind1=" " ind2="0" tag="650"><subfield code="a">Temperance</subfield><subfield code="z">United States</subfield><subfield code="v">Newspapers.</subfield></datafield><datafield ind1=" " ind2="0" tag="651"><subfield code="a">Boston (Mass.)</subfield><subfield code="v">Newspapers.</subfield></datafield><datafield ind1=" " ind2="7" tag="655"><subfield code="a">Newspapers.</subfield><subfield code="2">fast</subfield><subfield code="0">(OCoLC)fst01423814</subfield></datafield><datafield ind1=" " ind2="7" tag="650"><subfield code="a">Temperance.</subfield><subfield code="2">fast</subfield><subfield code="0">(OCoLC)fst01147309</subfield></datafield><datafield ind1=" " ind2="7" tag="651"><subfield code="a">Massachusetts</subfield><subfield code="z">Boston.</subfield><subfield code="2">fast</subfield><subfield code="0">(OCoLC)fst01205012</subfield></datafield><datafield ind1=" " ind2="7" tag="651"><subfield code="a">United States.</subfield><subfield code="2">fast</subfield><subfield code="0">(OCoLC)fst01204155</subfield></datafield><datafield ind1=" " ind2=" " tag="752"><subfield code="a">United States</subfield><subfield code="b">Massachusetts</subfield><subfield code="c">Suffolk</subfield><subfield code="d">Boston.</subfield></datafield><datafield ind1="0" ind2="4" tag="780"><subfield code="t">National philanthropist and investigator</subfield><subfield code="w">(OCoLC)6962065</subfield><subfield code="w">(DLC)sn 87070043</subfield></datafield><datafield ind1="0" ind2="4" tag="780"><subfield code="t">Genius of temperance</subfield></datafield><datafield ind1="0" ind2="0" tag="785"><subfield code="t">Genius of temperance, philanthropist and people's advocate</subfield><subfield code="w">(DLC)sn 83030134</subfield></datafield></record>